@misc{siri_siri,
	author = {Andreas \textsc{Kaplan} and Michael \textsc{Haenlein}},
    title = {Siri, Siri, in my hand: Who’s the fairest in the land? On the interpretations, illustrations, and implications of artificial intelligence},
   	howpublished = {\url{https://www.sciencedirect.com/science/article/pii/S0007681318301393#bibl0005}},
    year = 2018,
    note = "Business Horizons",
}

@book{modern_approach,
    author = {Stuart J. \textsc{Russell} and Peter \textsc{Norvig}},
    title = {Artificial Intelligence: A Modern Approach},
    year = {2009},
    isbn = {0136042597, 9780136042594},
    edition = {3rd},
    publisher = {Prentice Hall Press},
    address = {Upper Saddle River, NJ, USA},
}

@misc{W_and_W,
	author = {Warren \textsc{McCulloch} and Walter \textsc{PittsAndreas}},
    title = {A Logical Calculus of the Ideas Immanent in Nervous Activity},
   	howpublished = {\url{http://www.cse.chalmers.se/~coquand/AUTOMATA/mcp.pdf}},
    year = 1943,
}

@book{hebb,
    address = {New York},
    author = {Donald O. \textsc{Hebb}},
    isbn = {0-8058-4300-0},
    publisher = {Wiley},
    title = {The organization of behavior: {A} neuropsychological theory},
    year = 1949,
}

@incollection{computer_and_thought,
    author = {Turing, A. M.},
    chapter = {Computing Machinery and Intelligence},
    title = {Computers and Thought},
    editor = {Feigenbaum, Edward A. and Feldman, Julian},
    year = {1995},
    isbn = {0-262-56092-5},
    pages = {11--35},
    numpages = {25},
    url = {http://dl.acm.org/citation.cfm?id=216408.216410},
    acmid = {216410},
    publisher = {MIT Press},
    address = {Cambridge, MA, USA},
}

@inproceedings{newell_1959,
    title={Report on a general problem-solving program},
    author={Allen \textsc{Newell} and John C. \textsc{Shaw} and Herbert A. \textsc{Simon}},
    booktitle={Proceedings of the International Conference on Information Processing},
    pages={256--264},
    year={1959},
}

@article{Samuel_1959,
    author = {Arthur \textsc{Samuel}},
    title = {Some Studies in Machine Learning Using the Game of Checkers},
    journal = {IBM J. Res. Dev.},
    issue_date = {July 1959},
    volume = {3},
    number = {3},
    month = jul,
    year = {1959},
    issn = {0018-8646},
    pages = {210--229},
    numpages = {20},
    url = {http://dx.doi.org/10.1147/rd.33.0210},
    doi = {10.1147/rd.33.0210},
    acmid = {1661924},
    publisher = {IBM Corp.},
    address = {Riverton, NJ, USA},
} 

@misc{bryson_ho,
    author = {Arthur \textsc{Bryson} and Yu-Chi \textsc{Ho}},
    title = {Applied optimal control : optimization, estimation, and control},
    howpublished = {\url{https://catalogue.nla.gov.au/Record/1773065}},
    year = 1969,
}

@book{perceptrons,
    author = {Marvin L. \textsc{Minsky} and Seymour A. \textsc{Papert}},
    title = {Perceptrons: Expanded Edition},
    year = {1988},
    isbn = {0-262-63111-3},
    publisher = {MIT Press},
    address = {Cambridge, MA, USA},
}

@misc{test_turing,
    author = {Jean-Michel \textsc{Bertrand}},
    title = {Test de Turing : jeu d'imitation ou test d'intelligence ?},
    howpublished = {\url{https://www.persee.fr/doc/quad_0987-1381_1987_num_1_1_2095}},
    year = 1987,
    note = {page 35},
}

@misc{aristote,
    author = {\textsc{Aristote}},
    title = {Test de Turing : jeu d'imitation ou test d'intelligence ?},
}

@misc{def_larousse,
    title = {définition de l'intelligence artificielle de l'encyclopédie Larousse},
    howpublished = {\url{https://www.larousse.fr/encyclopedie/divers/intelligence_artificielle/187257}},
}

@book{ia_pour_dev,
    author = {Virginie \textsc{Mathivet}},
    title = {L'Intelligence Artificielle pour les développeurs},
    year = {2017},
    isbn = {978-2-409-01141-2},
    publisher = {ENI},
    edition = {2ème},
}

@misc{cellular_automata_diseases,
    author = {Yadian Guillermo Pérez \textsc{Betancourt}, Rafael Rodríguez \textsc{Puente} and Tulimevava Kaunapawa \textsc{Mufeti}},
    title = {Cellular Automata And Its Applications In Modeling And Simulating The Evolution Of Diseases},
    howpublished = {\url{https://www.researchgate.net/publication/282249343_Cellular_Automata_And_Its_Applications_In_Modeling_And_Simulating_The_Evolution_Of_Diseases}},
    year = {2015},
}

@misc{cellular_automata_fire,
    author = {Joana Gouveia \textsc{Freire} and Carlos Castro \textsc{DaCamara}},
    title = {Using cellular automata to simulate wildfire propagation and to assist in fire management},
    howpublished = {\url{https://www.nat-hazards-earth-syst-sci.net/19/169/2019/}},
    year = {2019},
}

@misc{fish_shoal,
    author = {Thomas \textsc{Ranvier}},
    title = {Fish shoal},
    howpublished = {\url{https://github.com/ThomasRanvier/fish_shoal}},
    year = {2018},
}

@misc{conway,
    author = {Martin \textsc{Gardner}},
    title = {Mathematical Games – The fantastic combinations of John Conway's new solitaire game "life"},
    howpublished = {\url{https://web.archive.org/web/20090603015231/http://ddi.cs.uni-potsdam.de/HyFISCH/Produzieren/lis_projekt/proj_gamelife/ConwayScientificAmerican.htm}},
    year = {1970},
    isbn = {978-0-89454-001-1},
    publisher = {Scientific American},
}

@misc{hmm_segmentation,
    author = {Joakim Jitén \textsc{Söderberg}},
    title = {Multidimensional Hidden Markov Model Applied to Image and Video Analysis},
    howpublished = {\url{https://pastel.archives-ouvertes.fr/pastel-00002454/document}},
    year = {2007},
}

@misc{hmm_classification,
    author = {Marc \textsc{Moureta}, Christine \textsc{Solnona}, Christian \textsc{Wolf}},
    title = {Classification of images based on Hidden Markov Models},
    howpublished = {\url{https://perso.liris.cnrs.fr/cwolf/papers/cbmi2009-marc.pdf}},
    year = {2007},
    address = {Universite de Lyon, CNRS, France},
}

@misc{hmm_speech,
    author = {Mark \textsc{Gales} and Steve \textsc{Young}},
    title = {The Application of Hidden Markov Models in Speech Recognition},
    howpublished = {\url{https://mi.eng.cam.ac.uk/~mjfg/mjfg_NOW.pdf}},
    year = {2007},
    address = {Cambridge University},
}

@misc{hmm_bio,
    author = {Carolin \textsc{Kosiol}},
    title = {Markov Models for Protein Sequence Evolution},
    howpublished = {\url{https://www.ebi.ac.uk/sites/ebi.ac.uk/files/shared/documents/phdtheses/carolinkosiolthesis.pdf}},
    year = {2006},
    address = {Cambridge University},
}

@misc{erp_sme,
    author = {Cindy \textsc{Jutras}},
    title = {ERP in the SME: Fueling Growth and profits},
    howpublished = {\url{https://www.iia.nl/SiteFiles/enterprise-resource-planning.pdf}},
    year = {2010},
    address = {Cambridge University},
}

@article{deepmind_ctf,
  author    = {Max \textsc{Jaderberg} and
               Wojciech M. \textsc{Czarnecki} and
               Iain \textsc{Dunning} and
               Luke \textsc{Marris} and
               Guy \textsc{Lever} and
               Antonio \textsc{Garc{\'{\i}}a Casta{\~{n}}eda} and
               Charles \textsc{Beattie} and
               Neil C. \textsc{Rabinowitz} and
               Ari S. \textsc{Morcos} and
               Avraham \textsc{Ruderman} and
               Nicolas \textsc{Sonnerat} and
               Tim \textsc{Green} and
               Louise \textsc{Deason} and
               Joel Z. \textsc{Leibo} and
               David \textsc{Silver} and
               Demis \textsc{Hassabis} and
               Koray \textsc{Kavukcuoglu} and
               Thore \textsc{Graepel}},
  title     = {Human-level performance in first-person multiplayer games with population-based
               deep reinforcement learning},
  journal   = {CoRR},
  volume    = {abs/1807.01281},
  year      = {2018},
  url       = {http://arxiv.org/abs/1807.01281},
  archivePrefix = {arXiv},
  eprint    = {1807.01281},
  timestamp = {Mon, 13 Aug 2018 16:48:08 +0200},
  biburl    = {https://dblp.org/rec/bib/journals/corr/abs-1807-01281},
  bibsource = {dblp computer science bibliography, https://dblp.org}
}

@misc{alphastar,
  title="{AlphaStar: Mastering the Real-Time Strategy Game StarCraft II}",
  author={Vinyals, Oriol and Babuschkin, Igor and Chung, Junyoung and Mathieu, Michael and Jaderberg, Max and Czarnecki, Wojciech M. and Dudzik, Andrew and Huang, Aja and Georgiev, Petko and Powell, Richard and Ewalds, Timo and Horgan, Dan and Kroiss, Manuel and Danihelka, Ivo and Agapiou, John and Oh, Junhyuk and Dalibard, Valentin and Choi, David and Sifre, Laurent and Sulsky, Yury and Vezhnevets, Sasha and Molloy, James and Cai, Trevor and Budden, David and Paine, Tom and Gulcehre, Caglar and Wang, Ziyu and Pfaff, Tobias and Pohlen, Toby and Wu, Yuhuai and Yogatama, Dani and Cohen, Julia and McKinney, Katrina and Smith, Oliver and Schaul, Tom and Lillicrap, Timothy and Apps, Chris and Kavukcuoglu, Koray and Hassabis, Demis and Silver, David},
  howpublished={\url{https://deepmind.com/blog/alphastar-mastering-real-time-strategy-game-starcraft-ii/}},
  year={2019}
}

@incollection{gan,
    title = {Generative Adversarial Nets},
    author = {Goodfellow, Ian and Pouget-Abadie, Jean and Mirza, Mehdi and Xu, Bing and Warde-Farley, David and Ozair, Sherjil and Courville, Aaron and Bengio, Yoshua},
    booktitle = {Advances in Neural Information Processing Systems 27},
    editor = {Z. Ghahramani and M. Welling and C. Cortes and N. D. Lawrence and K. Q. Weinberger},
    pages = {2672--2680},
    year = {2014},
    publisher = {Curran Associates, Inc.},
    url = {http://papers.nips.cc/paper/5423-generative-adversarial-nets.pdf}
}

@article{yolo,
  author    = {Joseph \textsc{Redmon} and
               Santosh Kumar \textsc{Divvala} and
               Ross B. \textsc{Girshick} and
               Ali \textsc{Farhadi}},
  title     = {You Only Look Once: Unified, Real-Time Object Detection},
  journal   = {CoRR},
  volume    = {abs/1506.02640},
  year      = {2015},
  url       = {http://arxiv.org/abs/1506.02640},
  archivePrefix = {arXiv},
  eprint    = {1506.02640},
  timestamp = {Mon, 13 Aug 2018 16:48:08 +0200},
  biburl    = {https://dblp.org/rec/bib/journals/corr/RedmonDGF15},
  bibsource = {dblp computer science bibliography, https://dblp.org}
}

@misc{seq2seq,
  title="{Sequence to Sequence Learning with Neural Networks}",
  author={Ilya \textsc{Sutskever} and Oriol \textsc{Vinyals} and Quoc V. \textsc{Le}},
  howpublished={\url{https://papers.nips.cc/paper/5346-sequence-to-sequence-learning-with-neural-networks.pdf}},
  year={2014}
}

@misc{ordo,
  title="{Implementing a Process Scheduler Using Neural Network Technology}",
  author={Peter \textsc{Bex}},
  howpublished={\url{https://theses.ubn.ru.nl/bitstream/handle/123456789/168/Bex,\%20P.MScThesis.pdf?sequence=1}},
}

@misc{assistant,
  title="{Avaamo}",
  howpublished={\url{https://avaamo.ai}},
}
